<?xml version="1.0" encoding="UTF-8"?><record xmlns="http://www.loc.gov/MARC21/slim" xmlns:cinclude="http://apache.org/cocoon/include/1.0" xmlns:zs="http://www.loc.gov/zing/srw/">
  <leader>00411nz  a2200133n  4500</leader>
  <controlfield tag="001">no2011043177</controlfield>
  <controlfield tag="003">DLC</controlfield>
  <controlfield tag="005">20110320075029.0</controlfield>
  <controlfield tag="008">110318n| azannaabn          |n aaa     c</controlfield>
  <datafield tag="010" ind1=" " ind2=" ">
    <subfield code="a">no2011043177</subfield>
  </datafield>
  <datafield tag="035" ind1=" " ind2=" ">
    <subfield code="a">(OCoLC)oca08801848</subfield>
  </datafield>
  <datafield tag="040" ind1=" " ind2=" ">
    <subfield code="a">CSt</subfield>
    <subfield code="b">eng</subfield>
    <subfield code="c">CSt</subfield>
    <subfield code="e">rda</subfield>
  </datafield>
  <datafield tag="100" ind1="1" ind2=" ">
    <subfield code="a">Wiehe, Johann</subfield>
  </datafield>
  <datafield tag="670" ind1=" " ind2=" ">
    <subfield code="a">CHRISTIAN W. WIEHE (IĚLE MAURICE, 1807-1878), 2010, ÂŠ2010:</subfield>
    <subfield code="b">t.p. (JOHANN WIEHE) front cover flap (b. in Mauritius)</subfield>
  </datafield>
</record>